@article{DEOLIVEIRA2024110983,
  title    = {Anomalous second harmonic generation of twisted Gaussian Schell model beams},
  journal  = {Optics \& Laser Technology},
  volume   = {176},
  pages    = {110983},
  year     = {2024},
  issn     = {0030-3992},
  doi      = {https://doi.org/10.1016/j.optlastec.2024.110983},
  url      = {https://www.sciencedirect.com/science/article/pii/S0030399224004419},
  author   = {M. Gil {de Oliveira} and A.L.S. Santos and A.C. Barbosa and B. Pinheiro {da Silva} and G.H. {dos Santos} and G. Ca√±as and P.H. Souto Ribeiro and S.P. Walborn and A.Z. Khoury},
  keywords = {Twisted Gaussian Schell model beams, Second harmonic generation},
  abstract = {We investigate theoretically and experimentally the optical second harmonic generation (SHG) with a twisted Gaussian Schell model (TGSM) beam as the fundamental field. We use Type-II phase matching and analyze the cross spectral density (CSD) of the SHG output beam when the input fundamental is prepared with a TGSM structure. We analyze two synthetization methods for preparing the TGSM fundamental beam and we find that for one method the SHG is also a TGSM beam. For the other method, we find that the SHG is not a TGSM beam and presents an anomalous CSD possessing a dip instead of a peak in the transverse spatial structure. Moreover, we show that the dip depth is directly related to the twisted phase parameter, being absent for a non twisted GSM beam. Our results show that the SHG from a fundamental TGSM beam can result in a doubled frequency TGSM or in a non-TGSM beam depending on the synthetization method.}
}

@article{PhysRevA.108.013503,
  title     = {Radial-angular coupling in self-phase-modulation with structured light},
  author    = {de Oliveira, M. Gil and Pereira, L. J. and Santos, A. S. and Dechoum, K. and Bramati, A. and Khoury, A. Z.},
  journal   = {Phys. Rev. A},
  volume    = {108},
  issue     = {1},
  pages     = {013503},
  numpages  = {8},
  year      = {2023},
  month     = {Jul},
  publisher = {American Physical Society},
  doi       = {10.1103/PhysRevA.108.013503},
  url       = {https://link.aps.org/doi/10.1103/PhysRevA.108.013503}
}

@article{48bj-bm8b,
  title     = {Informationally complete orbital-angular-momentum tomography with intensity measurements},
  author    = {de Oliveira, M. Gil and Santos Junior, A.L.S. and Lima, P.M.R. and Barbosa, A.C. and da Silva, B. Pinheiro and P\'adua, S. and Khoury, A. Z.},
  journal   = {Phys. Rev. Appl.},
  volume    = {24},
  issue     = {2},
  pages     = {024031},
  numpages  = {11},
  year      = {2025},
  month     = {Aug},
  publisher = {American Physical Society},
  doi       = {10.1103/48bj-bm8b},
  url       = {https://link.aps.org/doi/10.1103/48bj-bm8b}
}

@article{lax1975maxwell,
  title={From Maxwell to paraxial wave optics},
  author={Lax, Melvin and Louisell, William H and McKnight, William B},
  journal={Physical Review A},
  volume={11},
  number={4},
  pages={1365},
  year={1975},
  publisher={APS}
}

@article{stoler1981operator,
  title={Operator methods in physical optics},
  author={Stoler, David},
  journal={JOSA},
  volume={71},
  number={3},
  pages={334--341},
  year={1981},
  publisher={Optical Society of America}
}

@book{goodman2017introduction,
  title={Introduction to Fourier Optics},
  author={Goodman, J.W.},
  isbn={9781319153045},
  url={https://books.google.com.br/books?id=9zY8DwAAQBAJ},
  year={2017},
  publisher={W. H. Freeman}
}

@misc{fftderiv,
  title={Notes on FFT-based differentiation},
  author={Steven G. Johnson},
  year={2011},
  howpublished = {\url{https://math.mit.edu/~stevenj/fft-deriv.pdf}},
  urldate={2025-06-18},
}

@article{cooley1965algorithm,
  title={An algorithm for the machine calculation of complex Fourier series},
  author={Cooley, James W and Tukey, John W},
  journal={Mathematics of computation},
  volume={19},
  number={90},
  pages={297--301},
  year={1965},
  publisher={JSTOR}
}

@book{schmidt2010numerical,
  title={Numerical Simulation of Optical Wave Propagation with Examples in MATLAB},
  author={Schmidt, J.D.},
  isbn={9780819483263},
  lccn={2010015089},
  series={Press monograph},
  url={https://books.google.com.br/books?id=RqPZSAAACAAJ},
  year={2010},
  publisher={SPIE}
}

@misc{fft_veritasium,
  author = {Veritasium},
  title = {The Most Important Algorithm Of All Time},
  howpublished = {\url{https://www.youtube.com/watch?v=nmgFG7PUHfo}},
  year = {2023},
  note = {Accessed: 2025-07-08}
}

@misc{fft_reducible,
  author = {Reducible},
  title = {The Fast Fourier Transform (FFT): Most Ingenious Algorithm Ever?},
  howpublished = {\url{https://www.youtube.com/watch?v=h7apO7q16V0}},
  year = {2021},
  note = {Accessed: 2025-07-08}
}
